@string{ACM="ACM"}% Association for Computing Machinery
@string{ACMProgLang="Proc. ACM Program. Lang."}% Proc. ACM Program. Lang.
@string{ACMTOPLAS="ACM TOPLAS"}% Transactions on Programming Languages and Systems (TOPLAS
@string{APLAS="APLAS"}% Asian Symposium on Programming Languages and Systems
@string{ArtEngSci="The Art, Science, and Engineering of Programming"}% The Art, Science, and Engineering of Programming
@string{ASE="ASE"}% Automated Software Engineering
@string{CAV="CAV"}% Computer Aided Verification
@string{CC="CC"}% Compiler Construction
@string{COB="Concurrent Objects and Beyond"}% Concurrent Objects and Beyond
@string{COORDINATION="COORDINATION"}% Coordination Models and Languages
@string{CONCUR="CONCUR"}% International Conference on Concurrency Theory
@string{dagstuhl="Schloss Dagstuhl--Leibniz-Zentrum fuer Informatik"}
@string{DCIT="Distributed Computing and Internet Technology"}% Distributed Computing and Internet Technology
@string{DIAS="DIAS"}% Distributed Applications and Interoperable Systems
@string{EasyChair="EasyChair"}
@string{ECOOP="ECOOP"}% European Conference on Object-Oriented Programming
@string{ENTCS="Electronic Notes in Theoretical Computer Science"}
@string{EPTCS="EPTCS"}% Electronic Proceedings in Theoretical Computer Science
@string{Erlang="Erlang Workshop"}% Erlang Workshop
@string{ESOP="ESOP"}% European Symposion on Programming
@string{FAC="FAC"}% Formal Aspects of Computing
@string{FASE="Fundamental Approaches to Software Engineering"}% Fundamental Approaches to Software Engineering
@string{FMSD="FMSD"}% Formal Methods in System Design
@string{FORTE="Formal Techniques for Distributed Objects, Components, and Systems"}% Formal Techniques for Distributed Objects, Components, and Systems
@string{FTC="Fundamentals of Computation Theory"}% Fundamentals of Computation Theory
@string{FTDS="FTDS"}% Formal Techniques for Distributed Systems
@string{HTOS="HTOS"}% Hot Topics in Operating Systems
@string{IaCon="Information and Control"}% Information and Control
@string{IaComp="Information and Computation"}% Information and Computation
@string{ICALP="ICALP"}% International Colloquium on Automata, Languages and Programming
@string{ICFP="ICFP"}% The International Conference on Functional Programming
@string{IEEE="IEEE"}% Institute of Electrical and Electronics Engineers
@string{IJCIM="IJCIM"}% International Journal of Computer Integrated Manufacturing
@string{JACM="Journal of the ACM"}% Journal of the ACM
@string{JFP="Journal of Functional Programming"}% Journal of Functional Programming
@string{JLAMP="Journal of Logical and Algebraic Methods in Programming"}% Journal of Logical and Algebraic Methods in Programming
@string{LIPIcs="LIPIcs"}% Leibniz International Proceedings in Informatics
@string{LMCS="Logical Methods in Computer Science"}% Logical Methods in Computer Science
@string{LNCS="LNCS"}% Lecture Notes in Computer Science"}
@string{MLTCDP="Models, Languages, and Tools for Concurrent and Distributed Programming"}% Models, Languages, and Tools for Concurrent and Distributed Programming
@string{MSCS="Mathematical Structures in Computer Science"}% Mathematical Structures in Computer Science
@string{OOPSLA="OOPSLA"}% Object-Oriented Programming, Systems, Languages & Applications
@string{OPA="OPA"}% Open Publishing Association
@string{PARLE="PARLE"}% Parallel Architectures and Languages Europe
@string{PLACES="PLACES"}% Programming Language Approaches to Concurrency- and Communication-cEntric Software
@string{PLAS="Programming Languages and Systems"}% Programming Languages and Systems
@string{PLDI="PLDI"}% Programming Language Design and Implementation
@string{POPL="POPL"}% Principles of Programming Languages
@string{RV="RV"}% Runtime Verification
@string{RV-CuBES="RV-CuBES"}% An International Workshop on Competitions, Usability, Benchmarks, Evaluation, and Standardisation for Runtime Verification Tools
@string{SANER="SANER"}% Software Analysis, Evolution and Reengineering
@string{SchlossDagstuhl="Schloss Dagstuhl"}% {Schloss Dagstuhl -- Leibniz-Zentrum f{\"u}r Informatik}
@string{SCP="SCP"}% Science of Computer Programming
@string{SOUPS="SOUPS"}% Symposium on Usable Privacy and Security
@string{springer="Springer"}% Springer-Verlag
@string{TACAS="TACAS"}% "Tools and Algorithms for the Construction and Analysis of Systems"
@string{TCS="TCS"}% Theoretical Computer Science
@string{TGC="TGC"}% Trustworthy Global Computing
@string{VMCAI="VMCAI"}% Verification, Model Checking, and Abstract Interpretation




@misc{tool:TOAST:Erlang,
  donotinclude_author = {Jonah Pears},
  title               = {Erlang on TOAST},
  year                = {2024},
  url                 = {https://github.com/jonahpears/Erlang-on-TOAST}
}



@misc{tool:Bocchi2023:reengineering,
  donotinclude_author = {Laura Voinea and Laura Bocchi and Dominic Orchard},
  title               = {Protocol Reengineering Implementation},
  year                = {2023},
  url                 = {https://github.com/LauraVoinea/protocol-reengineering-implementation}
}

@misc{tool:z3,
  donotinclude_author = {},
  title               = {Z3 Theorem Prover},
  year                = {2024},
  url                 = {https://github.com/Z3Prover/z3}
}


@misc{tool:coq,
  donotinclude_author = {},
  title               = {The Coq Proof Assistant},
  year                = {2024},
  url                 = {https://coq.inria.fr/}
}



@article{Aceto2024:erlang:monitoring,
  author  = {Luca Aceto and Antonis Achilleos and Duncan Paul Attard and L{\'{e}}o Exibard and Adrian Francalanza and Anna Ing{\'{o}}lfsd{\'{o}}ttir},
  title   = {A monitoring tool for linear-time {{$\mu$}}HML},
  journal = SCP,
  volume  = {232},
  pages   = {103031},
  year    = {2024},
  issn    = {0167-6423},
  doi     = {10.1016/j.scico.2023.103031}
}

@inproceedings{Andre2024,
  author    = {{\'E}tienne Andr{\'e} and Paul Eichler and Swen Jacobs and Shyam Lal Karra},
  booktitle = VMCAI,
  series    = LNCS,
  publisher = springer,
  pages     = {124--146},
  title     = {Parameterized Verification of Disjunctive Timed Networks},
  year      = {2024},
  isbn      = {978-3-031-50524-9}
}

@article{Alur1994:TA,
  author                 = {Rajeev Alur and David L. Dill},
  journal                = TCS,
  title                  = {{A Theory of Timed Automata}},
  year                   = {1994},
  issn                   = {0304-3975},
  pages                  = {183--235},
  volume                 = {126},
  donotinclude_booktitle = {Issue 2},
  issue                  = 2,
  doi                    = {10.1016/0304-3975(94)90010-8}
}

@inproceedings{Burlo2021,
  author               = {Christian Bartolo Burl\`{o} and Adrian Francalanza and Alceste Scalas},
  title                = {{On the Monitorability of Session Types, in Theory and Practice}},
  booktitle            = ECOOP,
  pages                = {20:1--20:30},
  series               = LIPIcs,
  isbn                 = {978-3-95977-190-0},
  issn                 = {1868-8969},
  year                 = {2021},
  donotlincluce_volume = {194},
  publisher            = SchlossDagstuhl,
  doi                  = {10.4230/LIPIcs.ECOOP.2021.20}
}

@article{Burlo2022,
  title    = {PSTMonitor: Monitor synthesis from probabilistic session types},
  journal  = SCP,
  volume   = {222},
  pages    = {102847},
  year     = {2022},
  issn     = {0167-6423},
  doi      = {10.1016/j.scico.2022.102847},
  author   = {Christian Bartolo Burl\`{o} and Adrian Francalanza and Alceste Scalas and Catia Trubiani and Emilio Tuosto},
  keywords = {Runtime verification, Probabilistic session types, Monitor synthesis}
}

@inbook{Bartocci2018,
  author    = {Ezio Bartocci and Yli{\`e}s Falcone and Adrian Francalanza and Giles Reger},
  title     = {Introduction to Runtime Verification},
  booktitle = {Lectures on Runtime Verification: Introductory and Advanced Topics},
  year      = {2018},
  publisher = springer,
  pages     = {1--33},
  isbn      = {978-3-319-75632-5},
  doi       = {10.1007/978-3-319-75632-5_1}
}

@article{Bartoletti2014,
  author  = {Massimo Bartoletti and Tiziana Cimoli and G. Michele Pinna},
  journal = EPTCS,
  title   = {{A note on two notions of compliance}},
  year    = {2014},
  pages   = {86--93},
  volume  = {166},
  doi     = {10.4204/EPTCS.166.9},
  DONOTINCLUDE_eprint  = {1410.7472}
}

@article{Bartoletti2017,
  author  = {Massimo Bartoletti and Tiziana Cimoli and Maurizio Murgia},
  journal = LMCS,
  title   = {{Timed Session Types}},
  year    = {2017},
  number  = {4},
  volume  = {13},
  doi     = {10.23638/LMCS-13(4:25)2017},
  DONOTINCLUDE_eprint  = {1710.05388}
}

@inproceedings{Bartoletti2018,
  author    = {Massimo Bartoletti and Laura Bocchi and Maurizio Murgia},
  title     = {{Progress-Preserving Refinements of CTA}},
  booktitle = CONCUR,
  pages     = {40:1--40:19},
  series    = LIPIcs,
  isbn      = {978-3-95977-087-3},
  issn      = {1868-8969},
  year      = {2018},
  volume    = {118},
  publisher = SchlossDagstuhl,
  urn       = {urn:nbn:de:0030-drops-95786},
  doi       = {10.4230/LIPIcs.CONCUR.2018.40}
}

@inproceedings{Bengtsson2003,
  author    = {Johan Bengtsson and Wang Yi},
  title     = {Timed Automata: Semantics, Algorithms and Tools},
  booktitle = {Lectures on Concurrency and Petri Nets},
  series    = LNCS,
  volume    = {3098},
  doi       = {10.1007/978-3-540-27755-2_3},
  pages     = {87--124},
  publisher = springer,
  year      = {2003}
}

@article{Berard1998,
  author    = {B\'{e}atrice B\'{e}rard and Antoine Petit and Volker Diekert and Paul Gastin},
  title     = {{Characterization of the Expressive Power of Silent Transitions in Timed Automata}},
  year      = {1998},
  publisher = {IOS Press},
  volume    = {36},
  number    = {2,3},
  issn      = {0169-2968},
  journal   = {Fundam. Inf.},
  month     = {aug},
  pages     = {145--182},
  numpages  = {38},
  doi       = {10.3233/FI-1998-36233}
}

@article{Bernardi2017,
  title              = {{Using higher-order contracts to model session types}},
  author             = {Giovanni Bernardi and Matthew Hennessy},
  DONOTINCLUDE_url                = {https://lmcs.episciences.org/1642},
  doi                = {10.2168/LMCS-12(2:10)2016},
  journal            = LMCS,
  volume             = {12},
  issue              = {2},
  year               = {2016},
  donotinclude_month = Jun
}

@inproceedings{Berger2007,
  author    = {Martin Berger and Nobuko Yoshida},
  booktitle = APLAS,
  title     = {{Timed, Distributed, Probabilistic, Typed Processes}},
  year      = {2007},
  pages     = {158--174},
  publisher = springer,
  series    = LNCS,
  volume    = {4807},
  doi       = {10.1007/978-3-540-76637-7_11}
}

@inproceedings{Bettini2008,
  author    = {Lorenzo Bettini and Mario Coppo and Loris D'Antoni and Marco De Luca and Mariangiola Dezani{-}Ciancaglini and Nobuko Yoshida},
  booktitle = CONCUR,
  title     = {{Global Progress in Dynamically Interleaved Multiparty Sessions}},
  year      = {2008},
  pages     = {418--433},
  publisher = springer,
  series    = LNCS,
  volume    = {5201},
  doi       = {10.1007/978-3-540-85361-9_33}
}

@inproceedings{Bocchi2010,
  author    = {Laura Bocchi and Kohei Honda and Emilio Tuosto and Nobuko Yoshida},
  doi       = {10.1007/978-3-642-15375-4_12},
  title     = {{A Theory of Design-by-Contract for Distributed Multiparty Interactions}},
  booktitle = CONCUR,
  year      = {2010},
  publisher = springer,
  pages     = {162--176},
  isbn      = {978-3-642-15375-4}
}

@inproceedings{Bocchi2013,
  author    = {Laura Bocchi and Tzu{-}Chun Chen and Romain Demangeon and Kohei Honda and Nobuko Yoshida},
  title     = {{Monitoring Networks through Multiparty Session Types}},
  booktitle = FTDS,
  doi       = {10.1007/978-3-642-38592-6_5},
  year      = {2013},
  publisher = springer,
  pages     = {50--65},
  isbn      = {978-3-642-38592-6}
}

@inproceedings{Bocchi2014,
  author    = {Laura Bocchi and Weizhen Yang and Nobuko Yoshida},
  booktitle = CONCUR,
  title     = {{Timed Multiparty Session Types}},
  year      = {2014},
  pages     = {419--434},
  publisher = springer,
  series    = LNCS,
  volume    = {8704},
  doi       = {10.1007/978-3-662-44584-6_29}
}

@inproceedings{Bocchi2015,
  author    = {Laura Bocchi and Julien Lange and Nobuko Yoshida},
  booktitle = CONCUR,
  title     = {{Meeting Deadlines Together}},
  year      = {2015},
  pages     = {283--296},
  series    = LIPIcs,
  volume    = {42},
  doi       = {10.4230/LIPIcs.CONCUR.2015.283},
  isbn      = {978-3-939897-91-0},
  issn      = {1868-8969}
}

@inproceedings{Bocchi2019,
  author           = {Laura Bocchi and Maurizio Murgia and Vasco Thudichum Vasconcelos and Nobuko Yoshida},
  booktitle        = ESOP,
  title            = {{Asynchronous timed session types: from duality to time-sensitive processes}},
  year             = {2019},
  pages            = {583-610},
  publisher        = springer,
  volume           = {11423},
  doi              = {10.1007/978-3-030-17184-1_21},
  isbn             = {9783030171834},
  issn             = {1611-3349},
  series           = LNCS,
  donotinclude_url = {https://kar.kent.ac.uk/72337/}
}

@inproceedings{Bocchi2022a,
  author    = {Laura Bocchi and Julien Lange and Simon Thompson and A. Laura Voinea},
  booktitle = COORDINATION,
  title     = {{A Model of Actors and Grey Failures}},
  year      = {2022},
  pages     = {140--158},
  publisher = springer,
  series    = LNCS,
  volume    = {13271},
  doi       = {10.1007/978-3-031-08143-9_9}
}

@article{Bocchi2023,
  author            = {Laura Bocchi and Dominic Orchard and A. Laura Voinea},
  title             = {{A Theory of Composing Protocols}},
  volume            = {7},
  issn              = {2473-7321},
  doi               = {10.22152/programming-journal.org/2023/7/6},
  number            = {2},
  journal           = ArtEngSci,
  year              = {2023},
  donotinclude_note = {Tool: \href{https://github.com/LauraVoinea/protocol-reengineering-implementation}{github.com/LauraVoinea/protocol-reengineering-implementation}}
}

@article{Bocchi2024,
  title               = {{revTPL: The Reversible Temporal Process Language}},
  author              = {Laura Bocchi and Ivan Lanese and Claudio Antares Mezzina and Shoji Yuen},
  doi                 = {10.46298/lmcs-20(1:11)2024},
  journal             = LMCS,
  donotinclude_volume = {{Volume 20, Issue 1}},
  volume              = {20},
  issue               = {1},
  year                = {2024},
  donotinclude_month  = Jan
}

@inproceedings{Bocchi2024b,
  author    = {Laura Bocchi and Andy King and Maurizio Murgia},
  booktitle = TACAS,
  title     = {Asynchronous Subtyping by Trace Relaxation},
  year      = {2024},
  pages     = {207--226},
  isbn      = {978-3-031-57246},
  publisher = springer,
  doi       = {10.1007/978-3-031-57246-3_12}
}

@article{Bono2012,
  title              = {{Typing Copyless Message Passing}},
  author             = {Viviana Bono and Luca Padovani},
  donotinclude_url   = {https://lmcs.episciences.org/798},
  doi                = {10.2168/LMCS-8(1:17)2012},
  journal            = LMCS,
  volume             = {8},
  issue              = {1},
  year               = {2012},
  donotinclude_month = Mar
}

@article{Brand1983:CFSM,
  author    = {Daniel Brand and Pitro Zafiropulo},
  journal   = JACM,
  title     = {{On Communicating Finite-State Machines}},
  year      = {1983},
  number    = {2},
  pages     = {323--342},
  volume    = {30},
  doi       = {10.1145/322374.322380},
  publisher = ACM
}

@article{Brookes1984:CSP,
  author    = {S. D. Brookes and C. A. R. Hoare and A. W. Roscoe},
  title     = {A Theory of Communicating Sequential Processes},
  year      = {1984},
  publisher = ACM,
  volume    = {31},
  number    = {3},
  issn      = {0004-5411},
  doi       = {10.1145/828.833},
  journal   = JACM,
  pages     = {560--599},
  numpages  = {40}
}

@inproceedings{Brun2023:magpi,
  author    = {Matthew Alan Le Brun and Ornela Dardha},
  title     = {MAG{\$}{\$}{\backslash}pi {\$}{\$}: Types for Failure-Prone Communication},
  booktitle = {Programming Languages and Systems},
  year      = {2023},
  publisher = springer,
  pages     = {363--391},
  isbn      = {978-3-031-30044-8},
  doi       = {10.1007/978-3-031-30044-8_14},
  journal   = ESOP
}

@inproceedings{Carbone2008,
  author    = {Marco Carbone and Kohei Honda and Nobuko Yoshida},
  booktitle = CONCUR,
  title     = {{Structured Interactional Exceptions in Session Types}},
  series    = LNCS,
  volume    = 5201,
  year      = {2008},
  pages     = {402--417},
  publisher = {Springer Berlin Heidelberg},
  doi       = {10.1007/978-3-540-85361-9_32}
}

@inproceedings{Carbone2014,
  author    = {Marco Carbone and Ornela Dardha and Montesi Fabrizio},
  booktitle = {Coordination Models and Languages},
  title     = {Progress as Compositional Lock-Freedom},
  year      = {2014},
  pages     = {49--64},
  isbn      = {978-3-662-43376-8},
  doi       = {10.1007/978-3-662-43376-8_4},
  publisher = springer
}

@article{Casal2020:mixedsessions,
  author    = {Filipe Casal and Andreia Mordido and Vasco T. Vasconcelos},
  title     = {{Mixed Sessions: the Other Side of the Tape}},
  volume    = {314},
  issn      = {2075-2180},
  doi       = {10.4204/eptcs.314.5},
  journal   = EPTCS,
  publisher = {Open Publishing Association},
  year      = {2020},
  pages     = {46--60}
}

@inproceedings{Cassar2017:erlang:monitoring,
  author              = {Ian Cassar and Adrian Francalanza and Duncan Attard and Luca Aceto and Anna Ing{\'o}lfsd{\'o}ttir},
  title               = {A Suite of Monitoring Tools for Erlang},
  booktitle           = RV-CuBES,
  donotinclude_series = {Kalpa Publications in Computing},
  volume              = {3},
  pages               = {41--47},
  year                = {2017},
  publisher           = EasyChair,
  issn                = {2515-1762},
  doi                 = {10.29007/7lrd}
}

@inproceedings{Cassar2017:erlang:instrumentation,
  author    = {Ian Cassar and Adrian Francalanza and Duncan Paul Attard and Luca Aceto and Anna Ing{\'o}lfsd{\'o}ttir},
  title     = {A Generic Instrumentation Tool for Erlang},
  booktitle = RV-CuBES,
  series    = {Kalpa Publications in Computing},
  volume    = {3},
  pages     = {48--54},
  year      = {2017},
  publisher = EasyChair,
  issn      = {2515-1762},
  doi       = {10.29007/63tp}
}

@inproceedings{CastroPerez2019,
  author    = {David Castro-Perez and Raymond Hu and Sung-Shik Jongmans and Nicholas Ng and Nobuko Yoshida},
  booktitle = POPL,
  title     = {{Distributed programming using role-parametric session types in go: statically-typed endpoint {APIs} for dynamically-instantiated communication structures}},
  year      = {2019},
  pages     = {1--30},
  volume    = {3},
  doi       = {10.1145/3290342},
  publisher = ACM
}

@article{CastroPerez2020,
  author    = {David Castro-Perez and Nobuko Yoshida},
  title     = {{CAMP}: cost-aware multiparty session protocols},
  year      = {2020},
  publisher = ACM,
  volume    = {4},
  number    = OOPSLA,
  doi       = {10.1145/3428223},
  journal   = ACMProgLang,
  month     = nov,
  articleno = {155},
  numpages  = {30}
}

@inproceedings{CastroPerez2021,
  author    = {David Castro-Perez and Francisco Ferreira and Lorenzo Gheri and Nobuko Yoshida},
  booktitle = PLDI,
  title     = {Zooid: a {DSL} for certified multiparty computation: from mechanised metatheory to certified multiparty processes},
  year      = {2021},
  pages     = {237--251},
  publisher = ACM,
  series    = LIPIcs,
  doi       = {10.1145/3453483.3454041}
}

@inproceedings{CastroPerez2023,
  author    = {David Castro-Perez and Nobuko Yoshida},
  title     = {{Dynamically Updatable Multiparty Session Protocols: Generating Concurrent Go Code from Unbounded Protocols}},
  booktitle = ECOOP,
  pages     = {6:1--6:30},
  isbn      = {978-3-95977-281-5},
  issn      = {1868-8969},
  year      = {2023},
  volume    = {263},
  publisher = SchlossDagstuhl,
  doi       = {10.4230/LIPIcs.ECOOP.2023.6}
}

@article{Chen2017,
  title              = {{On the Preciseness of Subtyping in Session Types}},
  author             = {Tzu{-}chun Chen and Mariangiola Dezani-Ciancaglini and Alceste Scalas and Nobuko Yoshida},
  doi                = {10.23638/LMCS-13(2:12)2017},
  journal            = LMCS,
  volume             = {13},
  number             = {2},
  year               = {2017},
  donotinclude_month = Jun
}

@inproceedings{Colombo2012:erlang:monitoring,
  author    = {Christian Colombo and Adrian Francalanza and Rudolph Gatt},
  title     = {Elarva: A Monitoring Tool for Erlang},
  booktitle = RV,
  year      = {2012},
  doi       = {10.1007/978-3-642-29860-8_29},
  publisher = springer,
  pages     = {370--374},
  isbn      = {978-3-642-29860-8}
}

@article{Coppo2016,
  title   = {Global progress for dynamically interleaved multiparty sessions},
  volume  = {26},
  doi     = {10.1017/S0960129514000188},
  number  = {2},
  journal = MSCS,
  author  = {Mario Coppo and Mariangiola Dezani-Ciancaglini and Nobuko Yoshida and Luca Padovani},
  year    = {2016},
  pages   = {238--302}
}

@article{Dardha2017,
  author  = {Ornela Dardha and Elena Giachino and Davide Sangiorgi},
  title   = {Session types revisited},
  journal = IaComp,
  volume  = {256},
  pages   = {253-286},
  year    = {2017},
  issn    = {0890-5401},
  doi     = {10.1016/j.ic.2017.06.002}
}

@article{Dardha2022,
  author  = {Ornela Dardha and Jorge A. P\'{e}rez},
  journal = JLAMP,
  title   = {Comparing type systems for deadlock freedom},
  volume  = {124},
  year    = {2022},
  pages   = {100717},
  issn    = {2352-2208},
  doi     = {10.1016/j.jlamp.2021.100717}
}

@inproceedings{deLiguoro2018,
  author    = {Ugo de'Liguoro and Luca Padovani},
  title     = {{Mailbox Types for Unordered Interactions}},
  booktitle = ECOOP,
  pages     = {15:1--15:28},
  series    = LIPIcs,
  isbn      = {978-3-95977-079-8},
  issn      = {1868-8969},
  year      = {2018},
  volume    = {109},
  editor    = {Millstein, Todd},
  publisher = SchlossDagstuhl,
  urn       = {urn:nbn:de:0030-drops-92209},
  doi       = {10.4230/LIPIcs.ECOOP.2018.15}
}

@article{Demangeon2015:python:mpst,
  author  = {Romain Demangeon and Kohei Honda and Raymond Hu and Rumyana Neykova and Nobuko Yoshida},
  title   = {Practical interruptible conversations: distributed dynamic verification with multiparty session types and Python},
  journal = FMSD,
  volume  = {46},
  number  = {3},
  pages   = {197--225},
  year    = {2015},
  doi     = {10.1007/S10703-014-0218-8}
}

@inproceedings{Denielou2012a:MPST:CFSM,
  author    = {Pierre-Malo Deni{\'{e}}lou and Nobuko Yoshida},
  booktitle = ESOP,
  title     = {{Multiparty Session Types Meet Communicating Automata}},
  year      = {2012},
  pages     = {194--213},
  series    = LNCS,
  volume    = {7966},
  publisher = springer,
  doi       = {10.1007/978-3-642-28869-2_10},
  isbn      = {978-3-642-28869-2}
}

@inproceedings{Denielou2013,
  author    = {Pierre-Malo Deni{\'{e}}lou and Nobuko Yoshida},
  booktitle = ICALP,
  title     = {{Multiparty Compatibility in Communicating Automata: Characterisation and Synthesis of Global Session Types}},
  year      = {2013},
  series    = LNCS,
  volume    = 7966,
  pages     = {174--186},
  publisher = springer,
  doi       = {10.1007/978-3-642-39212-2_18}
}

@inproceedings{DezaniCiancaglini2006,
  author    = {Mariangiola Dezani-Ciancaglini and Dimitris Mostrous and Nobuko Yoshida and Sophia Drossopoulou},
  title     = {Session Types for Object-Oriented Languages},
  booktitle = ECOOP,
  doi       = {10.1007/11785477_20},
  year      = {2006},
  publisher = springer,
  series    = LNCS,
  pages     = {328--352},
  isbn      = {978-3-540-35727-8}
}

@inproceedings{DezaniCiancaglini2007,
  author    = {Mariangiola Dezani{-}Ciancaglini and Ugo de'Liguoro and Nobuko Yoshida},
  title     = {{On Progress for Structured Communications}},
  booktitle = TGC,
  series    = LNCS,
  volume    = {4912},
  pages     = {257--275},
  publisher = springer,
  year      = {2007},
  doi       = {10.1007/978-3-540-78663-4_18}
}

@inproceedings{Dilley2019,
  author    = {Nicolas Dilley and Julien Lange},
  booktitle = SANER,
  title     = {{An Empirical Study of Messaging Passing Concurrency in Go Projects}},
  year      = {2019},
  pages     = {377--387},
  publisher = IEEE,
  doi       = {10.1109/SANER.2019.8668036},
  isbn      = {978-1-7281-0591-8},
  issn      = {1534-5351}
}

@inproceedings{Dilley2020,
  author    = {Nicolas Dilley and Julien Lange},
  booktitle = PLACES,
  title     = {{Bounded verification of message-passing concurrency in Go using Promela and Spin}},
  year      = {2020},
  pages     = {34--45},
  publisher = OPA,
  volume    = {314},
  doi       = {10.4204/eptcs.314.4},
  groups    = {Lange, Lit Unsorted},
  journal   = EPTCS
}

@inproceedings{Dilley2021,
  author    = {Nicolas Dilley and Julien Lange},
  booktitle = ASE,
  title     = {{Automated Verification of Go Programs via Bounded Model Checking}},
  year      = {2021},
  pages     = {1016--1027},
  publisher = IEEE,
  doi       = {10.1109/ASE51524.2021.9678571},
  isbn      = {978-1-6654-0337-5},
  issn      = {2643-1572}
}

@incollection{Efthivoulidis1999:timeout:definition,
  author    = {G. Efthivoulidis and E. Verentziotis and A. Meliones and T. Varvarigou and A. Kontizas and G. Deconinck},
  booktitle = {Parallel Computational Fluid Dynamics 1998},
  title     = {Fault Tolerant Communication in Embedded Parallel High Performance Computing},
  doi       = {10.1016/B978-044482850-7/50110-8},
  year      = {1999},
  pages     = {405-414},
  isbn      = {978-0-444-82850-7}
}

@book{ErlangOTP,
  title              = {Designing for Scalability with Erlang/OTP},
  author             = {Francesco Cesarini and Steve Vinoski},
  publisher          = {O'Reilly Media, Inc.},
  year               = {2016},
  donotinclude_month = {May},
  isbn               = {9781449361563}
}

@article{Esfarjani1998:timeout:client_server,
  author       = {K. Esfarjani and S. Y. Nof},
  journaltitle = {International Journal of Production Research},
  volume       = {36},
  number       = {12},
  title        = {Client-server model of integrated production facilities},
  year         = {1998},
  publisher    = {Taylor \& Francis},
  pages        = {3295--3321},
  doi          = {10.1080/002075498192076}
}

@inproceedings{Fersman2002,
  author    = {Elena Fersman and Paul Pettersson and Wang Yi},
  title     = {Timed Automata with Asynchronous Processes: Schedulability and Decidability},
  booktitle = TACAS,
  year      = {2002},
  publisher = springer,
  pages     = {67--82},
  isbn      = {978-3-540-46002-2},
  doi       = {10.1007/3-540-46002-0_6}
}

@article{Fowler2016,
  author    = {Simon Fowler},
  pages     = {36--50},
  title     = {An Erlang Implementation of Multiparty Session Actors},
  volume    = {223},
  issn      = {2075-2180},
  doi       = {10.4204/eptcs.223.3},
  journal   = EPTCS,
  publisher = {Open Publishing Association},
  year      = {2016}
}

@article{Fowler2023:pat,
  author    = {Simon Fowler and Duncan Paul Attard and Franciszek Sowul and Simon J. Gay and Phil Trinder},
  title     = {Special Delivery: Programming with Mailbox Types},
  year      = {2023},
  publisher = ACM,
  volume    = {7},
  number    = ICFP,
  doi       = {10.1145/3607832},
  journal   = ACMProgLang,
  articleno = {191},
  numpages  = {30},
  keywords  = {actor languages, mailbox types, quasi-linear types}
}

@inproceedings{Francalanza2017:erlang:monitoring,
  author    = {Adrian Francalanza and Luca Aceto and Antonis Achilleos and Duncan Paul Attard and Ian Cassar and Dario Della Monica and Anna Ing{\'o}lfsd{\'o}ttir},
  title     = {A Foundation for Runtime Monitoring},
  booktitle = RV,
  year      = {2017},
  publisher = springer,
  pages     = {8--29},
  isbn      = {978-3-319-67531-2},
  doi       = {10.1007/978-3-319-67531-2_2}
}

@inproceedings{Francalanza2018:erlang:monitoring:choreographies,
  author    = {Adrian Francalanza and Claudio Antares Mezzina and Emilio Tuosto},
  title     = {Reversible Choreographies via Monitoring in Erlang},
  booktitle = DIAS,
  year      = {2018},
  publisher = springer,
  pages     = {75--92},
  isbn      = {978-3-319-93767-0},
  doi       = {10.1007/978-3-319-93767-0_6}
}

@inbook{Francalanza2018:runtimeverification,
  author    = {Adrian Francalanza and Jorge A. P{\'e}rez and C{\'e}sar S{\'a}nchez},
  title     = {Runtime Verification for Decentralised and Distributed Systems},
  booktitle = {Lectures on Runtime Verification: Introductory and Advanced Topics},
  year      = {2018},
  publisher = springer,
  pages     = {176--210},
  isbn      = {978-3-319-75632-5},
  doi       = {10.1007/978-3-319-75632-5_6}
}

@inproceedings{Gastin2019,
  author    = {Paul Gastin and Sayan Mukherjee and B. Srivathsan},
  title     = {Fast Algorithms for Handling Diagonal Constraints in Timed Automata},
  booktitle = CAV,
  year      = {2019},
  publisher = springer,
  pages     = {41--59},
  isbn      = {978-3-030-25540-4},
  doi       = {10.1007/978-3-030-25540-4_3}
}

@article{Gay2005,
  author  = {Simon J. Gay and Malcolm Hole},
  title   = {Subtyping for session types in the pi calculus},
  journal = {Acta Informatica},
  volume  = {42},
  number  = {2-3},
  pages   = {191--225},
  year    = {2005},
  doi     = {10.1007/S00236-005-0177-Z}
}


@misc{GoLang,
  author       = {Google},
  howpublished = {\url{https://go.dev/}},
  title        = {The Go Programming Language},
  year         = {2024}
}

@article{Gouda1984,
  author  = {M.G. Gouda and E.G. Manning and Y.T. Yu},
  journal = IaCon,
  title   = {{On the progress of communication between two finite state machines}},
  year    = {1984},
  number  = {3},
  pages   = {200--216},
  volume  = {63},
  doi     = {10.1016/S0019-9958(84)80014-5}
}

@article{Griesemer2020,
  author    = {Robert Griesemer and Raymond Hu and Wen Kokke and Julien Lange and Ian Lance Taylor and Bernardo Toninho and Philip Wadler and Nobuko Yoshida},
  title     = {Featherweight go},
  year      = {2020},
  publisher = ACM,
  address   = {New York, NY, USA},
  volume    = {4},
  number    = OOPSLA,
  doi       = {10.1145/3428217},
  journal   = ACMProgLang,
  articleno = {149},
  numpages  = {29}
}

@article{Hennessy1995,
  title   = {A Process Algebra for Timed Systems},
  journal = IaComp,
  volume  = {117},
  number  = {2},
  pages   = {221-239},
  year    = {1995},
  issn    = {0890-5401},
  doi     = {10.1006/inco.1995.1041},
  author  = {Matthew Hennessy and Tim Regan}
}

@inproceedings{Honda1998,
  author    = {Kohei Honda and
               Vasco Thudichum Vasconcelos and
               Makoto Kubo},
  title     = {Language Primitives and Type Discipline for Structured Communication-Based
               Programming},
  booktitle = ESOP,
  series    = LNCS,
  volume    = {1381},
  pages     = {122--138},
  publisher = springer,
  year      = {1998},
  doi       = {10.1007/BFB0053567}
}

@inproceedings{Honda2008,
  author    = {Kohei Honda and Nobuko Yoshida and Marco Carbone},
  booktitle = POPL,
  title     = {{Multiparty asynchronous session types}},
  year      = {2008},
  pages     = {273--284},
  publisher = ACM,
  doi       = {10.1145/1328438.1328472}
}

@inproceedings{Honda2011,
  author    = {Kohei Honda and Aybek Mukhamedov and Gary Brown and Tzu-Chun Chen and Nobuko Yoshida},
  title     = {Scribbling Interactions with a Formal Foundation},
  booktitle = DCIT,
  year      = {2011},
  doi       = {10.1007/978-3-642-19056-8_4},
  publisher = springer,
  pages     = {55--75},
  isbn      = {978-3-642-19056-8}
}

@inbook{Honda2014,
  author    = {Kohei Honda and Raymond Hu and Rumyana Neykova and Tzu-Chun Chen and Romain Demangeon and Pierre-Malo Deni{\'e}lou and Nobuko Yoshida},
  title     = {Structuring Communication with Session Types},
  booktitle = COB,
  year      = {2014},
  publisher = springer,
  pages     = {105--127},
  isbn      = {978-3-662-44471-9},
  doi       = {10.1007/978-3-662-44471-9_5}
}



@article{Honda2016,
  author    = {Kohei Honda and Nobuko Yoshida and Marco Carbone},
  title     = {Multiparty Asynchronous Session Types},
  year      = {2016},
  publisher = ACM,
  volume    = {63},
  number    = {1},
  issn      = {0004-5411},
  doi       = {10.1145/2827695},
  journal   = JACM,
  articleno = {9},
  numpages  = {67}
}

@misc{Hou2024:fearless,
  title            = {{Fearless Asynchronous Communications with Timed Multiparty Session Protocols}},
  author           = {Ping Hou and Nicolas Lagaillardie and Nobuko Yoshida},
  year             = {2024},
  primaryclass     = {cs.PL},
  eprint           = {2406.19541},
  archiveprefix    = {arXiv},
  donotinclude_url = {https://arxiv.org/abs/2406.19541}
}

@inproceedings{Huang2017,
  author              = {Peng Huang and Chuanxiong Guo and Lidong Zhou and Jacob R. Lorch and Yingnong Dang and Murali Chintalapati and Randolph Yao},
  booktitle           = HTOS,
  title               = {Gray {Failure}: {The} {Achilles}' {Heel} of {Cloud}-{Scale} {Systems}},
  year                = {2017},
  pages               = {150--155},
  publisher           = ACM,
  donotinclude_series = {{HotOS} '17},
  doi                 = {10.1145/3102980.3103005}
}

@inproceedings{Hu2008,
  author    = {Raymond Hu and Nobuko Yoshida and Kohei Honda},
  booktitle = ECOOP,
  publisher = springer,
  title     = {{Session-Based Distributed Programming in Java}},
  year      = {2008},
  pages     = {516--541},
  series    = LNCS,
  volume    = {5142},
  doi       = {10.1007/978-3-540-70592-5_22}
}

@inproceedings{Hu2010,
  author    = {Raymond Hu and Dimitrios Kouzapas and Olivier Pernet and Nobuko Yoshida and Kohei Honda},
  doi       = {10.1007/978-3-642-14107-2_16},
  title     = {Type-Safe Eventful Sessions in Java},
  booktitle = ECOOP,
  year      = {2010},
  publisher = springer,
  pages     = {329--353},
  isbn      = {978-3-642-14107-2}
}

@inproceedings{Hu2013,
  author    = {Raymond Hu and Rumyana Neykova and Nobuko Yoshida and Romain Demangeon and Kohei Honda},
  title     = {Practical Interruptible Conversations},
  booktitle = RV,
  doi       = {10.1007/978-3-642-40787-1_8},
  year      = {2013},
  publisher = springer,
  pages     = {130--148},
  isbn      = {978-3-642-40787-1}
}



@inproceedings{Hu2016,
  author    = {Raymond Hu and Nobuko Yoshida},
  title     = {Hybrid Session Verification Through Endpoint API Generation},
  booktitle = FASE,
  doi       = {10.1007/978-3-662-49665-7_24},
  year      = {2016},
  publisher = {Springer Berlin Heidelberg},
  address   = {Berlin, Heidelberg},
  pages     = {401--418},
  isbn      = {978-3-662-49665-7}
}


@article{Iraci2023,
  author              = {Grant Iraci and Cheng{-}En Chuan and Raymond Hu and Lukasz Ziarek},
  title               = {{Validating IoT Devices with Rate-Based Session Types}},
  journal             = ACMProgLang,
  year                = {2023},
  volume              = {7},
  doi                 = {10.1145/3622854},
  donotinclude_number = {{OOPSLA2}},
  number              = OOPSLA,
  pages               = {1589--1617}
}


@inproceedings{Kobayashi1996,
  author    = {Naoki Kobayashi and Benjamin C. Pierce and David N. Turner},
  booktitle = POPL,
  title     = {Linearity and the pi-calculus},
  year      = {1996},
  publisher = {{ACM} Press},
  doi       = {10.1145/237721.237804}
}

@inproceedings{Kobayashi1999,
  author    = {Naoki Kobayashi},
  booktitle = POPL,
  title     = {Quasi-linear types},
  year      = {1999},
  publisher = ACM,
  doi       = {10.1145/292540.292546}
}

@article{Kobayashi2002,
  title   = {A Type System for Lock-Free Processes},
  journal = IaComp,
  volume  = {177},
  number  = {2},
  pages   = {122-159},
  year    = {2002},
  issn    = {0890-5401},
  doi     = {10.1006/inco.2002.3171},
  author  = {Naoki Kobayashi}
}

@article{Kobayashi2010,
  author    = {Naoki Kobayashi and Davide Sangiorgi},
  title     = {A hybrid type system for lock-freedom of mobile processes},
  year      = {2010},
  publisher = ACM,
  volume    = {32},
  number    = {5},
  issn      = {0164-0925},
  doi       = {10.1145/1745312.1745313},
  journal   = ACMTOPLAS,
  articleno = {16},
  numpages  = {49}
}

@article{Kokke2019,
  title     = {Rusty Variation: Deadlock-free Sessions with Failure in Rust},
  volume    = {304},
  issn      = {2075-2180},
  doi       = {10.4204/eptcs.304.4},
  journal   = EPTCS,
  publisher = OPA,
  author    = {Wen Kokke},
  year      = {2019},
  month     = sep,
  pages     = {48--60}
}

@inproceedings{Krcal2006:CTA,
  author    = {Pavel Krc{\'{a}}l and Wang Yi},
  booktitle = CAV,
  title     = {{Communicating Timed Automata: The More Synchronous, the More Difficult to Verify}},
  year      = {2006},
  pages     = {249--262},
  publisher = springer,
  series    = LNCS,
  volume    = {4144},
  doi       = {10.1007/11817963_24},
  isbn      = {978-3-540-37411-4}
}

@inproceedings{Kuhn2023,
  author    = {Roland Kuhn and Hern\'{a}n Melgratti and Emilio Tuosto},
  title     = {{Behavioural Types for Local-First Software}},
  booktitle = ECOOP,
  pages     = {15:1--15:28},
  series    = LIPIcs,
  isbn      = {978-3-95977-281-5},
  issn      = {1868-8969},
  year      = {2023},
  volume    = {263},
  publisher = SchlossDagstuhl,
  urn       = {urn:nbn:de:0030-drops-182086},
  doi       = {10.4230/LIPIcs.ECOOP.2023.15}
}

@inproceedings{Lagaillardie2020,
  author    = {Nicolas Lagaillardie and Rumyana Neykova and Nobuko Yoshida},
  booktitle = COORDINATION,
  publisher = springer,
  title     = {{Implementing Multiparty Session Types in Rust}},
  year      = {2020},
  pages     = {127--136},
  doi       = {10.1007/978-3-030-50029-0_8}
}

@inproceedings{Lagaillardie2022,
  author    = {Nicolas Lagaillardie and Rumyana Neykova and Nobuko Yoshida},
  booktitle = ECOOP,
  title     = {{Stay Safe under Panic: Affine Rust Programming with Multiparty Session Types}},
  year      = {2022},
  publisher = dagstuhl,
  series    = LIPIcs,
  doi       = {10.48550/arXiv.2204.13464},
  DONOTINCLUDE_eprint    = {2204.13464}
}

@inproceedings{LeBrun2023,
  author    = {Matthew Alan Le Brun and Ornela Dardha},
  title     = {{MAG{$\pi$}: Types for Failure-Prone Communication}},
  booktitle = PLAS,
  year      = {2023},
  publisher = springer,
  series    = LNCS,
  volume    = {13990},
  pages     = {363--391},
  doi       = {10.1007/978-3-031-30044-8_14},
  isbn      = {978-3-031-30044-8}
}

@inproceedings{Lindley2016,
  author    = {Sam Lindley and J. Garrett Morris},
  title     = {Talking bananas: structural recursion for session types},
  year      = {2016},
  isbn      = {9781450342193},
  booktitle = ICFP,
  publisher = ACM,
  doi       = {10.1145/2951913.2951921},
  pages     = {434--447},
  numpages  = {14}
}

@book{Milner1982:CCS,
  author    = {Robin Milner},
  title     = {A  Calculus of Communicating Systems},
  year      = {1982},
  isbn      = {0387102353},
  publisher = springer,
  doi       = {10.5555/539036}
}

@book{Milner1999,
  author    = {Robin Milner},
  title     = {{Communicating and mobile systems - the Pi-calculus}},
  publisher = {{Cambridge University Press}},
  year      = 1999,
  isbn      = {978-0-521-65869-0}
}

@inproceedings{Mostrous2011:erlang:sessiontypes,
  author    = {Dimitris Mostrous and Vasco T. Vasconcelos},
  title     = {Session Typing for a Featherweight Erlang},
  booktitle = COORDINATION,
  year      = {2011},
  publisher = springer,
  pages     = {95--109},
  isbn      = {978-3-642-21464-6},
  doi       = {10.1007/978-3-642-21464-6_7}
}

@article{Mostrous2018,
  author  = {Dimitris Mostrous and Vasco T. Vasconcelos},
  journal = LMCS,
  title   = {{Affine Sessions}},
  year    = {2018},
  number  = {4},
  volume  = {14},
  doi     = {10.23638/LMCS-14(4:14)2018},
  DONOTINCLUDE_eprint  = {1809.02781}
}

@inproceedings{Neykova2013:spy,
  author    = {Rumyana Neykova and Nobuko Yoshida and Raymond Hu},
  booktitle = RV,
  title     = {{{SPY:} Local Verification of Global Protocols}},
  year      = {2013},
  pages     = {358--363},
  publisher = springer,
  series    = LNCS,
  volume    = {8174},
  doi       = {10.1007/978-3-642-40787-1_25},
  isbn      = {978-3-642-40787-1}
}

@article{Neykova2013b:go_dynamic,
  author  = {Rumyana Neykova},
  journal = EPTCS,
  title   = {{Session Types Go Dynamic or How to Verify Your Python Conversations}},
  year    = {2013},
  pages   = {95--102},
  volume  = {137},
  doi     = {10.4204/EPTCS.137.8}
}

@inproceedings{Neykova2014:python:mpst:actors,
  author    = {Rumyana Neykova and Nobuko Yoshida},
  title     = {{Multiparty Session Actors}},
  booktitle = COORDINATION,
  series    = LNCS,
  volume    = {8459},
  pages     = {131--146},
  publisher = springer,
  doi       = {10.1007/978-3-662-43376-8_9},
  year      = {2014}
}

@phdthesis{Neykova2016:PhDThesis,
  author = {Rumyana Neykova},
  school = {Imperial College London},
  title  = {Multiparty session types for dynamic verification of distributed systems},
  year   = {2016},
  doi    = {10.25560/45276}
}

@article{Neykova2017:timed:runtime:monitoring,
  author    = {Rumyana Neykova and Laura Bocchi and Nobuko Yoshida},
  title     = {Timed runtime monitoring for multiparty conversations},
  year      = {2017},
  publisher = springer,
  volume    = {29},
  number    = {5},
  issn      = {0934-5043},
  doi       = {10.1007/s00165-017-0420-8},
  journal   = FAC,
  pages     = {877--910},
  numpages  = {34}
}

@inproceedings{Neykova2017:erlang:recovery,
  author    = {Rumyana Neykova and Nobuko Yoshida},
  title     = {Let it recover: multiparty protocol-induced recovery},
  year      = {2017},
  isbn      = {9781450352338},
  publisher = ACM,
  doi       = {10.1145/3033019.3033031},
  booktitle = CC,
  pages     = {98--108},
  numpages  = {11}
}

@inproceedings{Neykova2018:fsharp,
  author    = {Rumyana Neykova and Raymond Hu and Noboku Yoshida and Fahd Abdeljallal},
  booktitle = CC,
  title     = {{A session type provider: compile-time {API} generation of distributed protocols with refinements in F{\#}}},
  year      = {2018},
  pages     = {128--138},
  publisher = ACM,
  doi       = {10.1145/3178372.3179495}
}

@inbook{Neykova2019,
  author    = {Rumyana Neykova and Nobuko Yoshida},
  title     = {Featherweight Scribble},
  booktitle = MLTCDP,
  year      = {2019},
  publisher = springer,
  pages     = {236--259},
  isbn      = {978-3-030-21485-2},
  doi       = {10.1007/978-3-030-21485-2_14}
}

@inproceedings{Ng2015:protocols,
  author    = {Nicholas Ng and Jose Gabriel de Figueiredo Coutinho and Nobuko Yoshida},
  title     = {Protocols by Default},
  booktitle = CC,
  year      = {2015},
  publisher = springer,
  pages     = {212--232},
  isbn      = {978-3-662-46663-6}
}

@inproceedings{Padovani2014,
  author    = {Luca Padovani},
  title     = {Deadlock and lock freedom in the linear {$\pi$}-calculus},
  year      = {2014},
  doi       = {10.1145/2603088.2603116},
  publisher = ACM,
  isbn      = {9781450328869}
}

@article{Padovani2017,
  title   = {A simple library implementation of binary sessions},
  volume  = {27},
  doi     = {10.1017/S0956796816000289},
  journal = JFP,
  author  = {Luca Padovani},
  year    = {2017},
  pages   = {e4}
} 

@article{Padovani2018,
  title   = {A type checking algorithm for concurrent object protocols},
  journal = JLAMP,
  volume  = {100},
  pages   = {16-35},
  year    = {2018},
  issn    = {2352-2208},
  doi     = {10.1016/j.jlamp.2018.06.001},
  author  = {Luca Padovani}
}

@inproceedings{Pears2023,
  author    = {Jonah Pears and Laura Bocchi and Andy King},
  booktitle = COORDINATION,
  title     = {{Safe asynchronous mixed-choice for timed interactions}},
  year      = {2023},
  pages     = {214--231},
  publisher = springer,
  series    = LNCS,
  volume    = {13908},
  doi       = {10.1007/978-3-031-35361-1_12}
}

@misc{Pears2024a,
  title            = {{Introducing {{TOAST}}: Safe Asynchronous Mixed-Choice For Timed Interactions}},
  author           = {Jonah Pears and Laura Bocchi and Maurizio Murgia and Andy King},
  year             = {2024},
  archiveprefix    = {arXiv},
  primaryclass     = {cs.LO},
  eprint           = {2401.11197},
  donotinclude_url = {https://arxiv.org/abs/2401.11197v1}
}

@inproceedings{Pears2024b,
  author              = {Jonah Pears and Laura Bocchi and Raymond Hu},
  title               = {{Erlang on {{TOAST}}: Generating Erlang Stubs with Inline TOAST Monitors}},
  booktitle           = Erlang,
  publisher           = ACM,
  doi                 = {10.1145/3677995.3678192},
  isbn                = {9798400710988},
  pages               = {33--44},
  donotinclude_series = {Erlang 2024},
  numpages            = {12},
  year                = {2024}
}

@misc{Pears2024c,
  title            = {{Timeout Asynchronous Session Types: Safe Asynchronous Mixed-Choice For Timed Interactions}},
  author           = {Jonah Pears and Laura Bocchi and Maurizio Murgia and Andy King},
  year             = {2024},
  archiveprefix    = {arXiv},
  primaryclass     = {cs.LO},
  eprint           = {2401.11197v2},
  donotinclude_url = {https://arxiv.org/abs/2401.11197v2}
}


@article{Peralta2003:timeout:resource,
  author    = {J. Peralta and P. Anussornnitisarn and S. Y. Nof},
  title     = {Analysis of a time-out protocol and its applications in a single server environment},
  journal   = IJCIM,
  volume    = {16},
  number    = {1},
  pages     = {1--13},
  year      = {2003},
  publisher = {Taylor \& Francis},
  doi       = {10.1080/713804980}
}

@inproceedings{Peters2022,
  author    = {Kirstin Peters and Uwe Nestmann and Christoph Wagner},
  title     = {{Fault-Tolerant Multiparty Session Types}},
  booktitle = FORTE,
  year      = {2022},
  publisher = springer,
  pages     = {93--113},
  isbn      = {978-3-031-08679-3},
  doi       = {10.1007/978-3-031-08679-3_7}
}

@inproceedings{Peters2023,
  title   = {{FTMPST: Fault-Tolerant Multiparty Session Types}},
  author  = {Kirstin Peters and Uwe Nestmann and Christoph Wagner},
  doi     = {10.46298/lmcs-19(4:14)2023},
  journal = LMCS,
  volume  = {19},
  issue   = {4},
  year    = {2023}
}

@article{Peters2024,
  title   = {Mixed choice in session types},
  author  = {Kirstin Peters and Nobuko Yoshida},
  journal = IaCon,
  volume  = {298},
  pages   = {105164},
  year    = {2024},
  issn    = {0890-5401},
  doi     = {10.1016/j.ic.2024.105164}
}

@book{Pierce2002,
  author    = {Pierce, Benjamin C.},
  publisher = {{MIT} Press},
  title     = {Types and Programming Languages},
  year      = {2002},
  isbn      = {9780262162098},
  pages     = {645}
}

@inproceedings{Reese2019:2fa,
  author    = {Ken Reese and Trevor Smith and Jonathan Dutson and Jonathan Armknecht and Jacob Cameron and Kent Seamons},
  title     = {A Usability Study of Five {Two-Factor} Authentication Methods},
  booktitle = SOUPS,
  year      = {2019},
  isbn      = {978-1-939133-05-2},
  pages     = {357--370},
  doi       = {10.5555/3361476.3361502},
  publisher = {USENIX Association}
}

@misc{RFC5321,
  author = {John Klensin},
  title  = {{SMTP}, {Request for Comments: 5321}},
  year   = {2008},
  pages  = {66},
  url    = {https://datatracker.ietf.org/doc/html/rfc5321},
  note   = {Section 4.5.3.2.7: Server Timeout}
}

@inproceedings{Scalas2016,
  author    = {Alceste Scalas and Nobuko Yoshida},
  title     = {{Lightweight Session Programming in Scala}},
  booktitle = ECOOP,
  pages     = {21:1--21:28},
  series    = LIPIcs,
  isbn      = {978-3-95977-014-9},
  issn      = {1868-8969},
  year      = {2016},
  volume    = {56},
  publisher = SchlossDagstuhl,
  urn       = {urn:nbn:de:0030-drops-61156},
  doi       = {10.4230/LIPIcs.ECOOP.2016.21}
}

@article{Scalas2018,
  author  = {Alceste Scalas and Nobuko Yoshida},
  title   = {Multiparty session types, beyond duality},
  year    = {2018},
  volume  = {97},
  doi     = {10.1016/j.jlamp.2018.01.001},
  journal = JLAMP,
  issn    = {2352-2208},
  pages   = {55-84}
}

@article{Scalas2019,
  author    = {Alceste Scalas and Nobuko Yoshida},
  title     = {Less is more: multiparty session types revisited},
  year      = {2019},
  publisher = ACM,
  volume    = {3},
  number    = POPL,
  doi       = {10.1145/3290343},
  journal   = ACM,
  articleno = {30},
  numpages  = {29}
}

@inproceedings{Takeuchi1994,
  author    = {Kaku Takeuchi and Kohei Honda and Makoto Kubo},
  booktitle = PARLE,
  title     = {An interaction-based langauge and its typing system},
  year      = {1994},
  doi       = {10.1007/3-540-58184-7_118},
  publisher = springer,
  pages     = {398--413},
  isbn      = {978-3-540-48477-6}
}

@article{Vasconcelos2012,
  author  = {Vasco T. Vasconcelos},
  title   = {{Fundamentals of session types}},
  journal = IaCon,
  volume  = {217},
  pages   = {52--70},
  year    = {2012},
  doi     = {10.1016/J.IC.2012.05.002}
}

@inproceedings{Vasconcelos2020,
  author    = {Vasco T. Vasconcelos and Filipe Casal and Bernardo Almeida and Andreia Mordido},
  booktitle = ESOP,
  title     = {{Mixed Sessions}},
  series    = LNCS,
  year      = {2020},
  pages     = {715--742},
  volume    = {12075},
  doi       = {10.1007/978-3-030-44914-8_26},
  publisher = springer
}

@article{Viering2021,
  author    = {Malte Viering and Raymond Hu and Patrick Eugster and Lukasz Ziarek},
  title     = {{A multiparty session typing discipline for fault-tolerant event-driven distributed programming}},
  year      = {2021},
  publisher = ACM,
  volume    = {5},
  number    = OOPSLA,
  doi       = {10.1145/3485501},
  journal   = ACMProgLang,
  articleno = {124},
  numpages  = {30}
}

@article{Yoshida2007,
  author    = {Nobuko Yoshida and Vasco T. Vasconcelos},
  journal   = ENTCS,
  title     = {{Language Primitives and Type Discipline for Structured Communication-Based Programming Revisited: Two Systems for Higher-Order Session Communication}},
  year      = {2007},
  number    = {4},
  pages     = {73--93},
  volume    = {171},
  doi       = {10.1016/j.entcs.2007.02.056},
  publisher = {Elsevier {BV}}
}

@inproceedings{Yoshida2014,
  author    = {Nobuko Yoshida and Raymond Hu and Rumyana Neykova and Nicholas Ng},
  doi       = {10.1007/978-3-319-05119-2_3},
  title     = {The Scribble Protocol Language},
  booktitle = TGC,
  year      = {2014},
  publisher = springer,
  pages     = {22--41},
  isbn      = {978-3-319-05119-2}
}

@inproceedings{Yoshida2021,
  author    = {Nobuko Yoshida and Fangyi Zhou and Francisco Ferreira},
  booktitle = FTC,
  publisher = springer,
  volume    = 12867,
  series    = LNCS,
  title     = {{Communicating Finite State Machines and an Extensible Toolchain for~Multiparty Session Types}},
  year      = {2021},
  pages     = {18--35},
  doi       = {10.1007/978-3-030-86593-1_2}
}

